@inproceedings{wang2017your,
  title={Your state is not mine: a closer look at evading stateful internet censorship},
  author={Wang, Zhongjie and Cao, Yue and Qian, Zhiyun and Song, Chengyu and Krishnamurthy, Srikanth V},
  booktitle={Proceedings of the 2017 Internet Measurement Conference},
  pages={114--127},
  year={2017}
}

@inproceedings{ma2015detecting,
  title={Detecting distributed signature-based intrusion: The case of multi-path routing attacks},
  author={Ma, Jiefei and Le, Franck and Russo, Alessandra and Lobo, Jorge},
  booktitle={2015 IEEE Conference on Computer Communications (INFOCOM)},
  pages={558--566},
  year={2015},
  organization={IEEE}
}

@article{xu2016survey,
  title={A survey on regular expression matching for deep packet inspection: Applications, algorithms, and hardware platforms},
  author={Xu, Chengcheng and Chen, Shuhui and Su, Jinshu and Yiu, Siu-Ming and Hui, Lucas CK},
  journal={IEEE Communications Surveys \& Tutorials},
  volume={18},
  number={4},
  pages={2991--3029},
  year={2016},
  publisher={IEEE}
}

@book{kleene2016representation,
  title={Representation of events in nerve nets and finite automata},
  author={Kleene, Stephen Cole},
  year={2016},
  publisher={Princeton University Press}
}

@article{thompson1968programming,
  title={Programming techniques: Regular expression search algorithm},
  author={Thompson, Ken},
  journal={Communications of the ACM},
  volume={11},
  number={6},
  pages={419--422},
  year={1968},
  publisher={ACM New York, NY, USA}
}

@article{hopcroft2001introduction,
  title={Introduction to automata theory, languages, and computation},
  author={Hopcroft, John E and Motwani, Rajeev and Ullman, Jeffrey D},
  journal={Acm Sigact News},
  volume={32},
  number={1},
  pages={60--65},
  year={2001},
  publisher={ACM New York, NY, USA}
}

@inproceedings{smith2008xfa,
  title={XFA: Faster signature matching with extended automata},
  author={Smith, Randy and Estan, Cristian and Jha, Somesh},
  booktitle={2008 IEEE Symposium on Security and Privacy (sp 2008)},
  pages={187--201},
  year={2008},
  organization={IEEE}
}

@article{ficara2008improved,
  title={An improved DFA for fast regular expression matching},
  author={Ficara, Domenico and Giordano, Stefano and Procissi, Gregorio and Vitucci, Fabio and Antichi, Gianni and Di Pietro, Andrea},
  journal={ACM SIGCOMM Computer Communication Review},
  volume={38},
  number={5},
  pages={29--40},
  year={2008},
  publisher={ACM New York, NY, USA}
}

@article{yu2014revisiting,
  title={Revisiting state blow-up: Automatically building augmented-fa while preserving functional equivalence},
  author={Yu, Xiaodong and Lin, Bill and Becchi, Michela},
  journal={IEEE Journal on Selected Areas in Communications},
  volume={32},
  number={10},
  pages={1822--1833},
  year={2014},
  publisher={IEEE}
}

@article{antonello2015design,
  title={Design and optimizations for efficient regular expression matching in DPI systems},
  author={Antonello, Rafael and Fernandes, Stenio and Sadok, Djamel and Kelner, Judith and Szab{\'o}, G{\'e}za},
  journal={Computer Communications},
  volume={61},
  pages={103--120},
  year={2015},
  publisher={Elsevier}
}

@inproceedings{yu20163,
  title={O 3 FA: A scalable finite automata-based pattern-matching engine for out-of-order deep packet inspection},
  author={Yu, Xiaodong and Feng, Wu-chun and Yao, Danfeng and Becchi, Michela},
  booktitle={2016 ACM/IEEE Symposium on Architectures for Networking and Communications Systems (ANCS)},
  pages={1--11},
  year={2016},
  organization={IEEE}
}

@inproceedings{yu2013gpu,
  title={GPU acceleration of regular expression matching for large datasets: exploring the implementation space},
  author={Yu, Xiaodong and Becchi, Michela},
  booktitle={Proceedings of the ACM International Conference on Computing Frontiers},
  pages={1--10},
  year={2013}
}

@inproceedings{fang2015fast,
  title={Fast support for unstructured data processing: the unified automata processor},
  author={Fang, Yuanwei and Hoang, Tung T and Becchi, Michela and Chien, Andrew A},
  booktitle={Proceedings of the 48th International Symposium on Microarchitecture},
  pages={533--545},
  year={2015}
}


@article{zhao2015fly,
  title={On-the-fly principled speculation for FSM parallelization},
  author={Zhao, Zhijia and Shen, Xipeng},
  journal={ACM SIGPLAN Notices},
  volume={50},
  number={4},
  pages={619--630},
  year={2015},
  publisher={ACM New York, NY, USA}
}

@inproceedings{yu2017robotomata,
  title={Robotomata: A framework for approximate pattern matching of big data on an automata processor},
  author={Yu, Xiaodong and Hou, Kaixi and Wang, Hao and Feng, Wu-chun},
  booktitle={2017 IEEE International Conference on Big Data (Big Data)},
  pages={283--292},
  year={2017},
  organization={IEEE}
}

@article{klein2005pattern,
  title={Pattern matching in Huffman encoded texts},
  author={Klein, Shmuel T and Shapira, Dana},
  journal={Information processing \& management},
  volume={41},
  number={4},
  pages={829--841},
  year={2005},
  publisher={Elsevier}
}


@article{shapira2006adapting,
  title={Adapting the Knuth--Morris--Pratt algorithm for pattern matching in Huffman encoded texts},
  author={Shapira, Dana and Daptardar, Ajay},
  journal={Information processing \& management},
  volume={42},
  number={2},
  pages={429--439},
  year={2006},
  publisher={Elsevier}
}

@inproceedings{kida1998multiple,
  title={Multiple pattern matching in LZW compressed text},
  author={Kida, Takuya and Takeda, Masayuki and Shinohara, Ayumi and Miyazaki, Masamichi and Arikawa, Setsuo},
  booktitle={Proceedings DCC'98 Data Compression Conference (Cat. No. 98TB100225)},
  pages={103--112},
  year={1998},
  organization={IEEE}
}

@article{aho1975efficient,
  title={Efficient string matching: an aid to bibliographic search},
  author={Aho, Alfred V and Corasick, Margaret J},
  journal={Communications of the ACM},
  volume={18},
  number={6},
  pages={333--340},
  year={1975},
  publisher={ACM New York, NY, USA}
}


@article{karp1987efficient,
  title={Efficient randomized pattern-matching algorithms},
  author={Karp, Richard M and Rabin, Michael O},
  journal={IBM journal of research and development},
  volume={31},
  number={2},
  pages={249--260},
  year={1987},
  publisher={Ibm}
}

@inproceedings{commentz1979string,
  title={A string matching algorithm fast on the average},
  author={Commentz-Walter, Beate},
  booktitle={International Colloquium on Automata, Languages, and Programming},
  pages={118--132},
  year={1979},
  organization={Springer}
}


@inproceedings{roesch1999snort,
  title={Snort: Lightweight intrusion detection for networks.},
  author={Roesch, Martin and others},
  booktitle={Lisa},
  volume={99},
  number={1},
  pages={229--238},
  year={1999}
}

@article{bremler2011accelerating,
  title={Accelerating multipattern matching on compressed http traffic},
  author={Bremler-Barr, Anat and Koral, Yaron},
  journal={IEEE/ACM Transactions on Networking},
  volume={20},
  number={3},
  pages={970--983},
  year={2011},
  publisher={IEEE}
}

@inproceedings{becchi2015accelerating,
  title={Accelerating regular expression matching over compressed http},
  author={Becchi, Michela and Bremler-Barr, Anat and Hay, David and Kochba, Omer and Koral, Yaron},
  booktitle={2015 IEEE Conference on Computer Communications (INFOCOM)},
  pages={540--548},
  year={2015},
  organization={IEEE}
}

@article{sun2020efficient,
  title={Efficient regular expression matching over compressed traffic},
  author={Sun, Xiuwen and Li, Hao and Zhao, Dan and Lu, Xingxing and Peng, Zheng and Hu, Chengchen},
  journal={Computer Networks},
  volume={168},
  pages={106996},
  year={2020},
  publisher={Elsevier}
}

@techreport{RFC1952,
  author={L. Peter Deutsch and Jean-Loup Gailly and Mark Adler and L. Peter Deutsch and Glenn Randers-Pehrson},
  title={GZIP file format specification version 4.3},
  howpublished={Internet Requests for Comments},
  type={RFC},
  number={1952},
  year={1996},
  month={May},
  issn={2070-1721},
  publisher={RFC Editor},
  institution={RFC Editor},
  url={http://www.rfc-editor.org/rfc/rfc1952.txt},
  note={\url{http://www.rfc-editor.org/rfc/rfc1952.txt}}
}


@article{李雪莹2004字符串匹配技术研究,
  title={字符串匹配技术研究},
  author={李雪莹 and 刘宝旭 and 许榕生},
  journal={计算机工程},
  volume={30},
  number={22},
  pages={24--26},
  year={2004}
}

@phdthesis{张树壮2011面向网络安全的正则表达式匹配技术,
  title={面向网络安全的正则表达式匹配技术},
  author={张树壮 and 罗浩 and 方滨兴 and others},
  year={2011}
}
